%% LaTeX2e file `myrefs.bib'
%% generated by the `filecontents' environment
%% from source `main' on 2021/08/26.
%%
@article{pred,
  author    = {Davi Pereira-Santos and Gabriel Dalforno and Andre Carlos P L F Carvalho},
  title     = {Predictable universally unique identification of sequential events on complex objects},
  journal   = {Soon on arXiv / Elsevier submission},
  year      = {2021},
}
