@inproceedings{lod,
      title={The Sea Exploration Problem Revisited}, 
      author={João Dionísio and Davi Pereira-Santos and João Pedroso},
      booktitle = {The 7th International Conference on Machine Learning Optimization Data Science, Grasmere, Lake District, England – UK},
      year={2021},
      pages={626--640},
      year={2021}
}

@inproceedings{dino,
  author    = {Dino Ienco and
               Davi Pereira dos Santos and
               Andr{\'{e}} C. P. L. F. de Carvalho},
  editor    = {Igor Farkas and
               Paolo Masulli and
               Sebastian Otte and
               Stefan Wermter},
  title     = {Evaluate Pseudo Labeling and {CNN} for Multi-variate Time Series Classification
               in Low-Data Regimes},
  booktitle = {{ICANN} 2021},
  series    = {Lecture Notes in Computer Science},
  volume    = {12895},
  pages     = {126--137},
  publisher = {Springer},
  year      = {2021},
  url       = {https://doi.org/10.1007/978-3-030-86383-8\_10},
  doi       = {10.1007/978-3-030-86383-8\_10},
}

@inproceedings{DBLP:conf/bracis/SantosC16,
  author    = {Davi Pereira Santos and Andr{\'{e}} C. P. L. F. Carvalho},
  title     = {Automatic Selection of Learning Bias for Active Sampling},
  booktitle = {5th Brazilian Conference on Intelligent Systems, {BRACIS} 2016, Recife,
               Brazil, October 9-12, 2016},
  pages     = {55--60},
  year      = {2016},
  \crossref  = {DBLP:conf/bracis/2016},
  \url       = {https://doi.org/10.1109/BRACIS.2016.021},
  doi       = {10.1109/BRACIS.2016.021},
  timestamp = {Sun, 21 May 2017 00:22:15 +0200},
  biburl    = {http://dblp.uni-trier.de/rec/bib/conf/bracis/SantosC16},
  bibsource = {dblp computer science bibliography, http://dblp.org}
}

@article{DBLP:journals/jdi/BedoSPMCT16,
  author    = {Marcos Vinicius Naves Bedo and Davi Pereira Santos and Marcelo Ponciano{-}Silva and Paulo Mazzoncini de Azevedo Marques and               Andr{\'{e}} Carlos Ponce de Leon Ferreira Carvalho and Caetano Traina Jr.},
  title     = {Endowing a Content-Based Medical Image Retrieval System with Perceptual
               Similarity Using Ensemble Strategy},
  journal   = {J. Digital Imaging},
  volume    = {29},
  number    = {1},
  pages     = {22--37},
  year      = {2016},
  \url       = {https://doi.org/10.1007/s10278-015-9809-1},
  \doi       = {10.1007/s10278-015-9809-1},
  timestamp = {Sun, 28 May 2017 13:17:22 +0200},
  biburl    = {http://dblp.uni-trier.de/rec/bib/journals/jdi/BedoSPMCT16},
  bibsource = {dblp computer science bibliography, http://dblp.org}
}

@inproceedings{DBLP:conf/bracis/SantosC15,
  author    = {Davi Pereira Santos and Andr{\'{e}} C. P. L. F. Carvalho},
  title     = {Selectively Inhibiting Learning Bias for Active Sampling},
  booktitle = {Proceedings of Brazilian Conference on Intelligent Systems},
  booktitle = {Brazilian Conference on Intelligent Systems, {BRACIS} 2015, Natal, Brazil, November 4-7, 2015},
  publisher = {SBC},
  pages     = {62--67},
  year      = {2015},
  \crossref  = {DBLP:conf/bracis/2015},
  \url       = {http://dx.doi.org/10.1109/BRACIS.2015.17},
  \doi       = {10.1109/BRACIS.2015.17},
  timestamp = {Fri, 23 Dec 2016 17:00:17 +0100},
  biburl    = {http://dblp.uni-trier.de/rec/bib/conf/bracis/SantosC15},
  bibsource = {dblp computer science bibliography, http://dblp.org}
}

@InProceedings{santos2014viabilidade,
  title={Viabilidade do Aprendizado Ativo em M{\'a}quinas Extremas},
  author={Davi P. Santos and Andr{\'e} CPLF Carvalho},
  booktitle={Brazilian Conference on Intelligent Systems and Encontro Nacional de Inteligência Artificial e Computacional},
  year =        "2014",
}

% @InProceedings{conf/hais/SantosC14,
%   title =       "Comparison of Active Learning Strategies and Proposal of a Multiclass Hypothesis Space Search",
%   author =      "Davi P. Santos and Andr{\'e} Carlos Ponce Leon Ferreira Carvalho",
%   bibdate =     "2014-05-22",
%   bibsource =   "DBLP, http://dblp.uni-trier.de/db/conf/hais/hais2014.html#SantosC14",
%   booktitle =   "HAIS",
%   booktitle =   "Hybrid Artificial Intelligence Systems - 9th International Conference, {HAIS} 2014, Salamanca, Spain, June 11-13, 2014. Proceedings",
%   publisher =   "Springer",
%   year =        "2014",
%   volume =      "8480",
%   ISBN =        "978-3-319-07616-4",
%   pages =       "618--629",
%   series =      "Lecture Notes in Computer Science",
%   \URL =         "http://dx.doi.org/10.1007/978-3-319-07617-1",
% }

% @InProceedings{conf/dexa/BedoSKT13,
%   title =	"A Similarity-Based Approach for Financial Time Series Analysis and Forecasting",
%   author =	"Marcos Vinicius Naves Bedo and Davi Pereira Santos and Daniel S. Kaster and Caetano Traina Jr",
%   bibdate =	"2013-08-19",
%   bibsource =	"DBLP, http://dblp.uni-trier.de/db/conf/dexa/dexa2013-2.html#BedoSKT13",
%   booktitle =	"DEXA (2)",
%   booktitle =	"Database and Expert Systems Applications - 24th International Conference, {DEXA} 2013, Prague, Czech Republic, August 26-29, 2013. Proceedings, Part {II}",
%   publisher =	"Springer",
%   year = 	"2013",
%   volume =	"8056",
%   editor =	"Hendrik Decker and Lenka Lhotsk{\'a} and Sebastian Link and Josef Basl and A Min Tjoa",
%   ISBN = 	"978-3-642-40172-5",
%   pages =	"94--108",
%   series =	"Lecture Notes in Computer Science",
%   \URL =  	"http://dx.doi.org/10.1007/978-3-642-40173-2",
% }



@article{doi/ml,
      author        = "Davi P. Santos and Andr{\'e} Carlos Ponce Leon Ferreira Carvalho",
      journal = "GitHub Software Repository",
      title         = "{Wrappers for Weka for Scala}",
      month         = 1,
      year          = "2015",
      note           = "{DOI:10.5281/zenodo.13735}",
}

@article{doi/al,
      author        = "Davi P. Santos and Andr{\'e} Carlos Ponce Leon Ferreira Carvalho",
      journal = "GitHub Software Repository",
      title         = "{An Active Learning Library for Scala}",
      month         = 1,
      year          = "2015",
      note           = "{DOI:10.5281/zenodo.13733}",
}



@article{pereira2019empirical,
  title={Empirical investigation of active learning strategies},
  author={Pereira-Santos, Davi and Prud{\^e}ncio, Ricardo Bastos Cavalcante and de Carvalho, Andr{\'e} CPLF},
  journal={Neurocomputing},
  volume={326},
  pages={15--27},
  year={2019},
  publisher={Elsevier}
}

% @article{bedo2016endowing,
%   title={Endowing a content-based medical image retrieval system with perceptual similarity using ensemble strategy},
%   author={Bedo, Marcos Vinicius Naves and dos Santos, Davi Pereira and Ponciano-Silva, Marcelo and de Azevedo-Marques, Paulo Mazzoncini and Traina, Caetano and others},
%   journal={Journal of digital imaging},
%   volume={29},
%   number={1},
%   pages={22--37},
%   year={2016},
%   publisher={Springer}
% }

@article{eler2009visual,
  title={Visual analysis of image collections},
  author={Eler, Danilo M and Nakazaki, Marcel Y and Paulovich, Fernando V and Santos, Davi P and Andery, Gabriel F and Oliveira, Maria Cristina F and Neto, Jo{\~a}o Batista and Minghim, Rosane},
  journal={The Visual Computer},
  volume={25},
  number={10},
  pages={923--937},
  year={2009},
  publisher={Springer}
}

@inproceedings{dos2014comparison,
  title={Comparison of active learning strategies and proposal of a multiclass hypothesis space search},
  author={dos Santos, Davi P and de Carvalho, Andr{\'e} CPLF},
  booktitle={International Conference on Hybrid Artificial Intelligence Systems},
  pages={618--629},
  year={2014},
  organization={Springer}
}

@inproceedings{bedo2013similarity,
  title={A Similarity-Based Approach for Financial Time Series Analysis and Forecasting},
  author={Bedo, Marcos Vinicius Naves and dos Santos, Davi Pereira and Kaster, Daniel S and Traina, Caetano},
  booktitle={International Conference on Database and Expert Systems Applications},
  pages={94--108},
  year={2013},
  organization={Springer}
}


@article{silvacriteria,
  title={Criteria for choosing the number of dimensions in a principal component analysis: An empirical assessment},
  author={Silva, Renata B and de Oliveira, Daniel and Santos, Davi P and Santos, Lucio FD and Wilson, Rodrigo E and Bedo, Marcos},
  year=2020
}


@inproceedings{dos2015selectively,
  title={Selectively inhibiting learning bias for active sampling},
  author={Dos Santos, Davi P and de de Carvalho, Andr{\'e} CPLF},
  booktitle={2015 Brazilian Conference on Intelligent Systems (BRACIS)},
  pages={62--67},
  year={2015},
  organization={IEEE}
}

@inproceedings{eler2008multidimensional,
  title={Multidimensional visualization to support analysis of image collections},
  author={Eler, Danilo M and Nakazaki, Marcel Y and Paulovich, Fernando V and Santos, Davi P and Oliveira, M Cristina F and Neto, Joao ES Batista and Minghim, Rosane},
  booktitle={2008 XXI Brazilian Symposium on Computer Graphics and Image Processing},
  pages={289--296},
  year={2008},
  organization={IEEE}
}

@inproceedings{santos2007feature,
  title={Feature selection with equalized salience measures and its application to segmentation},
  author={Santos, Davi P and Neto, Joao Batista},
  booktitle={XX SIBGRAPI 2007},
  pages={253--262},
  year={2007},
  organization={IEEE}
}

@inproceedings{inproceedings51f9dc0d,
title   = {Texture extraction capabilities of multi-layer perceptron},
author = {Santos, Davi Pereira dos and Batista Neto, João do Espirito Santo},
year = {2006},
booktitle   = {Workshop de Visão Computacional - WVC}
}

@article{dosdata,
  title={Data driven optimization for crop selection},
  author={dos Santos, Davi Pereira and Pedroso, Joao Pedro},
  journal={Agro Big Data and Decision Support Systems in Agriculture},
  pages={35},
  year=2018
}

@misc{misc0bd6c814,
title   = {Gravador é rápido, mas exige discos caros},
author = {Bruno, Odemir Martinez and Santos, Davi Pereira dos},
year = {2002},
journal   = {Folha de São Paulo}
}


@inproceedings{inproceedings96ba4939,
title   = {Uma ferramenta computacional para análise biométrica de vegetais},
author = {Santos, Davi Pereira dos and Bruno, Odemir Martinez},
year = {2002},
booktitle   = {Congresso da Sociedade Botânica de São Paulo}
}

@inproceedings{inproceedings30f85a93,
title   = {Método para avaliar a degradação foliar baseado no índice de cromaticidade},
author = {Santos, Davi Pereira dos and Lasso, P R O and Bruno, Odemir Martinez and Pessoa, J D C},
year = {2002},
booktitle   = {Congresso da Sociedade Botânica de São Paulo}
}

% \entry{BRUNO, O. M. ; SANTOS, Davi Pereira dos . Uma ferramenta computacional para análise biométrica de vegetais. In: XIV Congresso da Sociedade Botânica de São Paulo, 2002, Rio Claro, SP. Anais do XIV Congresso da Sociedade Botânica de São Paulo, 2002. v. 1. p. 1-1.}

% \entry{BRUNO, O. M. ; SANTOS, Davi Pereira dos . Método para avaliar a degradação foliar baseado no índice de cromaticidade.. In: XIV Congresso da Sociedade Botânica de São Paulo, 2002, Rio Claro, SP. Anais do XIV Congresso da Sociedade Botânica de São Paulo, 2002. v. 1. p. 1-1.}

% \entry{SANTOS, Davi Pereira dos ; BRUNO, O. M. . Um ambiente computacional de suporte à biometria baseado em processamento digital de imagens.. In: 10 Simpósio Internacional de Iniciação Científica da Universidade de S. Paulo, 2002, São Carlos. 2002 SIICUSP. São Paulo : Sonopress, 2002. v. 1. p. 1-1.}

% \entry{CARVALHO, Diego Fiori de ; DAMIANCE JúNIOR, Antonio Paulo Galdeano ; SANTOS, Davi Pereira dos ; SIMõES, Eduardo Valle ; BRUNO, O. M. . Ambiente Tridimensional Imersivo para Futebol de Robôs. In: 11 Simpósio Internacional de Iniciação Científica da USP, 2003, São Carlos. 11 Simpósio Internacional de Iniciação Científica da USP. São Paulo : USP, 2003. v. 0. p. 1-1.}

@inproceedings{ambienteimersivo,
title   = {Ambiente Tridimensional Imersivo para Futebol de Robôs},
author = {CARVALHO, Diego Fiori de and DAMIANCE JúNIOR, Antonio Paulo Galdeano and SANTOS, Davi Pereira dos and SIMõES, Eduardo Valle and BRUNO, O. M.},
year = {2003},
booktitle   = {11 SIICUSP}
}

@inproceedings{ambientesuportebiometria,
title   = {Um ambiente computacional de suporte à biometria baseado em processamento digital de imagens},
author = {Santos, Davi Pereira dos and Bruno, Odemir Martinez and Pessoa, J D C},
year = {2002},
booktitle   = {10 SIICUSP}
}
